<?xml version="1.0" encoding="UTF-8"?><collection xmlns="http://www.loc.gov/MARC21/slim"><record><leader>00376nam--2200145-i-4500</leader><controlfield tag="001">000040195</controlfield><controlfield tag="002">20161230</controlfield><controlfield tag="005">20161230201042</controlfield><controlfield tag="008">060222s1000------------r-----000-0-eng-d</controlfield><datafield ind1=" " ind2=" " tag="080"><subfield code="a">621.383.3</subfield></datafield><datafield ind1=" " ind2=" " tag="100"><subfield code="a">Salow,H</subfield></datafield><datafield ind1=" " ind2=" " tag="245"><subfield code="a">Der transistor</subfield></datafield><datafield ind1=" " ind2=" " tag="260"><subfield code="a">Berlin, Springer-verlag, 1963. Viii + 426 P. + 275 Fig</subfield></datafield><datafield ind1=" " ind2=" " tag="490"><subfield code="a">Technische Ph.In Einzeldarstellungen</subfield></datafield><datafield ind1=" " ind2=" " tag="852"><subfield code="a">18516</subfield></datafield></record></collection>